
@book{dantzig1991,
	title = {Linear Programming and Extensions},
	author = {Dantzig, George B.},
	year = {1991},
	date = {1991},
	publisher = {Princeton University Press},
	url = {https://www.jstor.org/stable/j.ctt1cx3tvg}
}

@techreport{demaeredaertrycke2017,
	title = {Risk trading in capacity equilibrium models},
	author = {{de Maere d ' Aertrycke}, G. and Ehrenmann, A. and Ralph, D. and Smeers, Y.},
	year = {2017},
	month = {12},
	date = {2017-12},
	doi = {10.17863/CAM.17552},
	url = {https://www.repository.cam.ac.uk/handle/1810/270625},
	note = {DOI: 10.17863/CAM.17552},
	langid = {en}
}
